@online{jsonapi,
  title = {{JSON API Specification} 1.0},
  year = 2015,
  url = {http://jsonapi.org/format/},
  urldate = {2018-01-14}
}

@techreport{jwt,
  title = {JSON Web Token},
  author = {{M. Jones}, {J. Bradley} and {N. Sakimura}},
  year = 2015,
  institution = {Internet Engineering Task Force},
  howpublished = {Internet Request For Comments},
  url = {https://tools.ietf.org/html/rfc7519},
  urldate = {2018-01-14}
}

@online{jwthn,
  title = {Things to Use Instead of JSON Web Tokens},
  author = {tptacek},
  year = 2017,
  url = {https://news.ycombinator.com/item?id=14292223},
  urldate = {2018-01-14}
}

@techreport{jsonschema,
  title = {JSON Schema draft-04},
  author = {{K. Zyp} and {G. Court}},
  year = 2017,
  url = {http://json-schema.org/draft-04/json-schema-validation.html},
  urldate = {2018-01-14},
  institution = {Internet Engineering Task Force},
}

@online{libsodium,
  title = {libsodium 1.0},
  year = 2017,
  author = {F. Denis},
  url = {https://libsodium.org/},
  urldate = {2018-01-14}
}

@techreport{U2F,
  title = {Universal 2nd Factor 1.2},
  year = 2017,
  author = {FIDO Alliance},
  institution = {FIDO Alliance},
  url = {https://fidoalliance.org/download/},
  urldate = {2018-01-14}
}

@techreport{rfc6238,
  title = {TOTP: Time-Based One-Time Password Algorithm},
  author = {{D. M'Raihi}, {S. Machani}, {M. Pei} and {J. Rydell}},
  institution = {Internet Engineering Task Force},
  howpublished = {Internet Request For Comments},
  year = 2011,
  url = {https://tools.ietf.org/html/rfc6238},
  urldate = {2018-01-14}
}

@online{vuejs,
  title = {VueJS website},
  url = {https://vuejs.org/},
  urldate = {2018-01-14}
}

@online{vuex,
  title = {Vuex website},
  url = {https://vuex.vuejs.org/},
  urldate = {2018-01-14}
}

@online{vuerouter,
  title = {Vue Router website},
  url = {https://router.vuejs.org/},
  urldate = {2018-01-14}
}

@inproceedings{macaroons,
  title = {Macaroons: Cookies with Contextual Caveats for Decentralized Authorization in the Cloud},
  author  = {Arnar Birgisson and Joe Gibbs Politz and Ãšlfar Erlingsson and Ankur Taly and Michael Vrable and Mark Lentczner},
  year  = {2014},
  booktitle = {Network and Distributed System Security Symposium}
}